  @article{bowman11,
  title={Efficient dealiased convolutions without padding},
  author={J. C. Bowman and M. Roberts},
  journal={SIAM Journal on Scientific Computing},
  volume={33},
  number={1},
  pages={386--406},
  year={2011},
  publisher={SIAM},
  doi = {10.1137/100787933},
  eprint = {1008.1366},
  eprinttype= {arxiv},
}

@article{basdevant83,
title = "Technical improvements for direct numerical simulation of homogeneous three-dimensional turbulence",
journal = "Journal of Computational Physics",
volume = "50",
number = "2",
pages = "209--214",
year = "1983",
doi = "10.1016/0021-9991(83)90064-5",
author = "C. Basdevant",
}

@article{vanVeen2018transitions,
title = {Transitions in large eddy simulation of box turbulence},
author = {L. van Veen and G. Kawahara and T. Yasuda},
journal = {Eur. Phys. J. Spec. Top.},
volume = {227},
pages = {463--480},
doi = {10.1140/epjst/e2018-00107-8}
}

@Book{pope2000turbulent,
  Title                    = {Turbulent Flows},
  Author                   = {S. B. Pope},
  Publisher                = {Cambridge Univ. Press},
  Year                     = {2000},
  Address                  = {Cambridge},
  ISBN                     = {9780521591256},
  doi = {10.1017/CBO9780511840531}
}

@article{willis2017openpipeflow,
    title = {The {Openpipeflow} {Navier-Stokes} solver},
    journal = {SoftwareX},
    volume = {6},
    pages = {124 -- 127},
    year = {2017},
    issn = {2352--7110},
    doi = {10.1016/j.softx.2017.05.003},
    author = {A. P. Willis},
	archivePrefix={arXiv},
	primaryClass={physics.flu-dyn},
	eprint={1705.03838}
}

@article{shapiro1993use,
  title={The use of an exact solution of the Navier--Stokes equations in a validation test of a three-dimensional nonhydrostatic numerical model},
  author={A. Shapiro},
  journal={Monthly weather review},
  volume={121},
  number={8},
  pages={2420--2425},
  year={1993},
  doi={10.1175/1520-0493(1993)121<2420:TUOAES>2.0.CO;2}
}
